\begin{thebibliography}{}
%\bibliographystyle{gost780s}

@techreport{C76,
	author={N. Christofides},
	title="Worst-Case Analysis of a New Heuristic for the Traveling Salesman Problem",
	institution={Carnegie-Mellon University},
	year={1976}
}
@book{K72,
	author={R. M. Karp},
	title="Reducibility among Combinatorial Problems",
	editor={R. E. Miller, J. W. Thatcher},
	publisher={Plenum},
	address={New York},
	year=1972
}
@inproceedings{EK01,
	author={L. Engebretsen and M. Karpinski},
	title="Approximation Hardness of {TSP} with Bounded Metrics",
	booktitle={28th ICALP (2001)},
	publisher={Springer},
	year=2001,
	pages={201-212},
	organization={LNCS 2076}
}
@inproceedings{BR05,
	author={M. Blaser and L. Shankar Ram},
	title="An Improved Approximation for {TSP} with Distances One and Two",
	booktitle={15th FCT (2005)},
	organization={LNCS 3623}, 
	publisher={Springer},
	year=2005,
	pages=504-515
}
@article{PY93,
	author={C. H. Papadimitriou and M. Yannakakis},
	title="The Traveling Salesman Problem With Distances One and Two",
	journal={Math. Oper. Res.},
	volume=18,
	year=1993,
	pages=1-11
}

\end{thebibliography}